<?xml version="1.0" encoding="utf-8"?>
<record xmlns="http://www.loc.gov/MARC21/slim" xmlns:xsi="http://www.w3.org/2001/XMLSchema-instance" xsi:schemaLocation="http://www.loc.gov/MARC21/slim http://www.loc.gov/standards/marcxml/schema/MARC21slim.xsd">
	<leader>     nam a22        4500</leader>
	<controlfield tag="001">2965793</controlfield>
	<controlfield tag="003">NNC</controlfield>
	<controlfield tag="006">m        d        </controlfield>
	<controlfield tag="007">cr cn |||m|||a</controlfield>
	<controlfield tag="008">161027m19749999ir f    o     000 0 araod</controlfield>
	<datafield ind1=" " ind2=" " tag="040">
		<subfield code="a">NNU</subfield>
		<subfield code="b">eng</subfield>
		<subfield code="e">rda</subfield>
		<subfield code="c">NNU</subfield>
	</datafield>
	<datafield ind1=" " ind2="4" tag="050">
		<subfield code="a">BP189</subfield>
		<subfield code="b">.A48 1974</subfield>
	</datafield>
	<datafield ind1="1" ind2=" " tag="100">
		<subfield code="6">880-01</subfield>
		<subfield code="a">Āmulī, Ḥaydar ibn ʻAlī,</subfield>
		<subfield code="d">active 14th century.</subfield>
	</datafield>
	<datafield ind1="1" ind2="0" tag="245">
		<subfield code="a">Muqaddimāt min kitāb naṣṣ al-nuṣūṣ fī sharh fus̥ūṣ al-ḥikam li-Muh̥yī al-Dīn Ibn al-ʻArabī /</subfield>
		<subfield code="c">az taṣnīfāt-i Ḥaydar Āmulī ; bā taṣhīhāt va-dū muqaddimah va-fihrist-hā Henrī Kurbīn va ʻUthmān Ismāʹīl Yaḥyā.</subfield>
	</datafield>
	<datafield ind1="3" ind2=" " tag="246">
		<subfield code="a">Naṣ al-nuṣūṣ</subfield>
	</datafield>
	<datafield ind1=" " ind2=" " tag="260">
		<subfield code="a">T̥ihrān :</subfield>
		<subfield code="b">Qismat-i Īrānshināsī,</subfield>
		<subfield code="c">1352- 1974-</subfield>
	</datafield>
	<datafield ind1=" " ind2=" " tag="300">
		<subfield code="a">online resource (volumes)</subfield>
	</datafield>
	<datafield ind1=" " ind2=" " tag="336">
		<subfield code="a">text</subfield>
		<subfield code="2">rdacontent</subfield>
	</datafield>
	<datafield ind1=" " ind2=" " tag="337">
		<subfield code="a">computer</subfield>
		<subfield code="2">rdamedia</subfield>
	</datafield>
	<datafield ind1=" " ind2=" " tag="338">
		<subfield code="a">online resource</subfield>
		<subfield code="2">rdacarrier</subfield>
	</datafield>
	<datafield ind1="1" ind2=" " tag="490">
		<subfield code="a">Ganjīnah-ʹi navashtah-hā-yī īrānī ;</subfield>
		<subfield code="v">22</subfield>
	</datafield>
	<datafield ind1=" " ind2=" " tag="500">
		<subfield code="a">Title on added t.p.: Le texte des textes.</subfield>
	</datafield>
	<datafield ind1=" " ind2=" " tag="500">
		<subfield code="a">Text in Arabic; introductions in Arabic and French.</subfield>
	</datafield>
	<datafield ind1=" " ind2=" " tag="500">
		<subfield code="a">Part of the Arabic Collections Online (ACO) project, contributed by Columbia University Libraries.</subfield>
	</datafield>
	<datafield ind1="0" ind2=" " tag="505">
		<subfield code="a">jild 1. Matn va-du muqaddimah-</subfield>
	</datafield>
	<datafield ind1=" " ind2=" " tag="533">
		<subfield code="a">Electronic reproduction.</subfield>
		<subfield code="b">New York, N.Y. :</subfield>
		<subfield code="c">New York University,</subfield>
		<subfield code="d">2016.</subfield>
		<subfield code="5">NNU</subfield>
	</datafield>
	<datafield ind1="0" ind2="0" tag="600">
		<subfield code="6">880-02</subfield>
		<subfield code="a">Ibn al-ʻArabī,</subfield>
		<subfield code="d">1165-1240.</subfield>
		<subfield code="t">Fuṣūṣ al-h̥ikam.</subfield>
	</datafield>
	<datafield ind1="0" ind2="7" tag="630">
		<subfield code="a">Fuṣūṣ al-ḥikam (Ibn al-ʻArabī)</subfield>
		<subfield code="2">fast</subfield>
		<subfield code="0">(OCoLC)fst01371634</subfield>
	</datafield>
	<datafield ind1="1" ind2=" " tag="700">
		<subfield code="6">880-03</subfield>
		<subfield code="a">Corbin, Henry.</subfield>
	</datafield>
	<datafield ind1="1" ind2=" " tag="700">
		<subfield code="6">880-04</subfield>
		<subfield code="a">Yaḥyā, ʻUthmān.</subfield>
	</datafield>
	<datafield ind1="2" ind2=" " tag="710">
		<subfield code="a">Columbia University.</subfield>
		<subfield code="b">Libraries.</subfield>
	</datafield>
	<datafield ind1="0" ind2=" " tag="730">
		<subfield code="a">Arabic Collections Online.</subfield>
	</datafield>
	<datafield ind1="0" ind2="8" tag="776">
		<subfield code="i">Print version:</subfield>
		<subfield code="a">Āmulī, Ḥaydar ibn ʻAlī, active 14th century.</subfield>
		<subfield code="t">Muqaddimāt min kitāb naṣṣ al-nuṣūṣ fī sharh fus̥ūṣ al-ḥikam li-Muh̥yī al-Dīn Ibn al-ʻArabī</subfield>
		<subfield code="w">(NNC)2965793</subfield>
		<subfield code="w">(OCoLC)28432163</subfield>
	</datafield>
	<datafield ind1=" " ind2="0" tag="830">
		<subfield code="a">Bibliothèque iranienne ;</subfield>
		<subfield code="v">22.</subfield>
	</datafield>
	<datafield ind1="4" ind2="0" tag="856">
		<subfield code="u">http://hdl.handle.net/2333.1/tqjq2h7z</subfield>
	</datafield>
	<datafield ind1="1" ind2=" " tag="880">
		<subfield code="6">100-01/r</subfield>
		<subfield code="a">آملي، حيدر بن على.</subfield>
	</datafield>
	<datafield ind1="1" ind2="2" tag="880">
		<subfield code="6">245-00/r</subfield>
		<subfield code="a">المقدمات من کتاب نص النصوص في شرح فصوص الحکم لمحيى الدين ابن العربى /</subfield>
		<subfield code="c">از تصنيفات حيدر آملى ؛ با تصحيحات ودو مقدمه وفهرستها، هنرى کربين وعثمان اسماعيل يحيى.</subfield>
	</datafield>
	<datafield ind1=" " ind2=" " tag="880">
		<subfield code="6">260-00/r</subfield>
		<subfield code="a">تهران :</subfield>
		<subfield code="b">قسمت ايرانشناسى، انستيتو ايران وفرانسه، پژوهشهاى علمى،</subfield>
		<subfield code="c">١٩٧٤-</subfield>
	</datafield>
	<datafield ind1="1" ind2=" " tag="880">
		<subfield code="6">490-00/r</subfield>
		<subfield code="a">گتجينۀ نوشته هاى ايرانى ؛</subfield>
		<subfield code="v">٢٢</subfield>
	</datafield>
	<datafield ind1="1" ind2="4" tag="880">
		<subfield code="6">600-02/r</subfield>
		<subfield code="a">ابن العربي.</subfield>
		<subfield code="t">فصوص الحکم.</subfield>
	</datafield>
	<datafield ind1="1" ind2=" " tag="880">
		<subfield code="6">700-03/r</subfield>
		<subfield code="a">کربين، هنرى.</subfield>
	</datafield>
	<datafield ind1="1" ind2=" " tag="880">
		<subfield code="6">700-04/r</subfield>
		<subfield code="a">يحيى، عثمان.</subfield>
	</datafield>
	<datafield ind1=" " ind2=" " tag="959">
		<subfield code="a">NNU</subfield>
		<subfield code="b">WEB</subfield>
		<subfield code="c">GENI</subfield>
		<subfield code="t">0</subfield>
		<subfield code="m">Electronic access</subfield>
		<subfield code="s">01</subfield>
	</datafield>
	<datafield ind1=" " ind2=" " tag="999">
		<subfield code="i">NNC_2965793</subfield>
		<subfield code="o">(OCoLC)ocm28432163 </subfield>
		<subfield code="s">columbia_aco002059:v.1</subfield>
		<subfield code="e">(ERROR-880)</subfield>
	</datafield>
</record>
